@article{somol2004fast,
	title={Fast branch \& bound algorithms for optimal feature selection},
	author={Somol, Petr and Pudil, Pavel and Kittler, Josef},
	journal={IEEE Transactions on pattern analysis and machine intelligence},
	volume={26},
	number={7},
	pages={900--912},
	year={2004},
	publisher={IEEE}
}

@article{chen2006combining,
	title={Combining SVMs with various feature selection strategies},
	author={Chen, Yi-Wei and Lin, Chih-Jen},
	journal={Feature extraction: foundations and applications},
	pages={315--324},
	year={2006},
	publisher={Springer}
}

@article{denning1990highly,
	title={Highly parallel computation},
	author={Denning, Peter J and Tichy, Walter F},
	journal={Science},
	volume={250},
	number={4985},
	pages={1217--1222},
	year={1990},
	publisher={American Association for the Advancement of Science}
}

@article{lopez2006solving,
	title={Solving feature subset selection problem by a parallel scatter search},
	author={L{\'o}pez, F{\'e}lix Garc{\i}a and Torres, Miguel Garc{\i}a and Batista, Bel{\'e}n Meli{\'a}n and P{\'e}rez, Jos{\'e} A Moreno and Moreno-Vega, J Marcos},
	journal={European Journal of Operational Research},
	volume={169},
	number={2},
	pages={477--489},
	year={2006},
	publisher={Elsevier}
}

@inproceedings{azmandian2012gpu,
	title={GPU-accelerated feature selection for outlier detection using the local kernel density ratio},
	author={Azmandian, Fatemeh and Yilmazer, Ayse and Dy, Jennifer G and Aslam, Javed A and Kaeli, David R},
	booktitle={2012 IEEE 12th International Conference on Data Mining},
	pages={51--60},
	year={2012},
	organization={IEEE}
}

@article{vehtari2002bayesian,
	title={Bayesian input variable selection using posterior probabilities and expected utilities},
	author={Vehtari, Aki and Lampinen, Jouko},
	journal={Report B31},
	year={2002},
	publisher={Citeseer}
}

@article{guyon2003introduction,
	title={An introduction to variable and feature selection},
	author={Guyon, Isabelle and Elisseeff, Andr{\'e}},
	journal={Journal of machine learning research},
	volume={3},
	number={Mar},
	pages={1157--1182},
	year={2003}
}

@article{vergara2014review,
	title={A review of feature selection methods based on mutual information},
	author={Vergara, Jorge R and Est{\'e}vez, Pablo A},
	journal={Neural computing and applications},
	volume={24},
	pages={175--186},
	year={2014},
	publisher={Springer}
}

@inproceedings{hao2003comparison,
	title={Comparison of genetic algorithm and sequential search methods for classifier subset selection},
	author={Hao, Hongwei and Liu, Cheng-Lin and Sako, Hiroshi},
	booktitle={Seventh International Conference on Document Analysis and Recognition, 2003. Proceedings.},
	volume={3},
	pages={765--765},
	year={2003},
	organization={IEEE Computer Society}
}

@article{yusta2009different,
	title={Different metaheuristic strategies to solve the feature selection problem},
	author={Yusta, Silvia Casado},
	journal={Pattern Recognition Letters},
	volume={30},
	number={5},
	pages={525--534},
	year={2009},
	publisher={Elsevier}
}

@misc{aggarwal2001outlier,
	title={Outlier detection for high dimensional data, in ‘ACM SIGMOD International Conference on Management of Data’},
	author={Aggarwal, CC and Yu, PS},
	year={2001},
	publisher={ACM Press, Santa Barbara, CA, USA}
}

@article{hodge2004survey,
	title={A survey of outlier detection methodologies},
	author={Hodge, Victoria and Austin, Jim},
	journal={Artificial intelligence review},
	volume={22},
	pages={85--126},
	year={2004},
	publisher={Springer}
}

@article{kotsiantis2007supervised,
	title={Supervised machine learning: A review of classification techniques},
	author={Kotsiantis, Sotiris B and Zaharakis, Ioannis and Pintelas, P and others},
	journal={Emerging artificial intelligence applications in computer engineering},
	volume={160},
	number={1},
	pages={3--24},
	year={2007},
	publisher={Amsterdam}
}

@inproceedings{kohavi1995study,
	title={A study of cross-validation and bootstrap for accuracy estimation and model selection},
	author={Kohavi, Ron and others},
	booktitle={Ijcai},
	volume={14},
	number={2},
	pages={1137--1145},
	year={1995},
	organization={Montreal, Canada}
}

@inproceedings{molina2002feature,
	title={Feature selection algorithms: A survey and experimental evaluation},
	author={Molina, Luis Carlos and Belanche, Llu{\'\i}s and Nebot, {\`A}ngela},
	booktitle={2002 IEEE International Conference on Data Mining, 2002. Proceedings.},
	pages={306--313},
	year={2002},
	organization={IEEE}
}

@article{liu2005toward,
	title={Toward integrating feature selection algorithms for classification and clustering},
	author={Liu, Huan and Yu, Lei},
	journal={IEEE Transactions on knowledge and data engineering},
	volume={17},
	number={4},
	pages={491--502},
	year={2005},
	publisher={IEEE}
}

@article{kumar2014feature,
	title={Feature selection: a literature review},
	author={Kumar, Vipin and Minz, Sonajharia},
	journal={SmartCR},
	volume={4},
	number={3},
	pages={211--229},
	year={2014}
}


@article{billings2007sparse,
	title={Sparse model identification using a forward orthogonal regression algorithm aided by mutual information},
	author={Billings, Stephen A and Wei, Hua-Liang},
	journal={IEEE Transactions on Neural Networks},
	volume={18},
	number={1},
	pages={306--310},
	year={2007},
	publisher={IEEE}
}
@book{james2013introduction,
	title={An introduction to statistical learning},
	author={James, Gareth and Witten, Daniela and Hastie, Trevor and Tibshirani, Robert},
	volume={112},
	year={2013},
	publisher={Springer}
}
@article{guyon2002gene,
	title={Gene selection for cancer classification using support vector machines},
	author={Guyon, Isabelle and Weston, Jason and Barnhill, Stephen and Vapnik, Vladimir},
	journal={Machine learning},
	volume={46},
	number={1},
	pages={389--422},
	year={2002},
	publisher={Springer}
}
@incollection{ferri1994comparative,
	title={Comparative study of techniques for large-scale feature selection},
	author={Ferri, Francesc J and Pudil, Pavel and Hatef, Mohamad and Kittler, Josef},
	booktitle={Machine Intelligence and Pattern Recognition},
	volume={16},
	pages={403--413},
	year={1994},
	publisher={Elsevier}
}
@inproceedings{kong2014pairwise,
	title={Pairwise-covariance linear discriminant analysis},
	author={Kong, Deguang and Ding, Chris},
	booktitle={Twenty-Eighth AAAI Conference on Artificial Intelligence},
	year={2014}
}
@inproceedings{nie2008trace,
	title={Trace ratio criterion for feature selection.},
	author={Nie, Feiping and Xiang, Shiming and Jia, Yangqing and Zhang, Changshui and Yan, Shuicheng},
	booktitle={AAAI},
	volume={2},
	pages={671--676},
	year={2008}
}
@article{li2017feature,
	title={Feature selection: A data perspective},
	author={Li, Jundong and Cheng, Kewei and Wang, Suhang and Morstatter, Fred and Trevino, Robert P and Tang, Jiliang and Liu, Huan},
	journal={ACM Computing Surveys (CSUR)},
	volume={50},
	number={6},
	pages={1--45},
	year={2017},
	publisher={ACM New York, NY, USA}
}
@article{ang2015supervised,
	title={Supervised, unsupervised, and semi-supervised feature selection: a review on gene selection},
	author={Ang, Jun Chin and Mirzal, Andri and Haron, Habibollah and Hamed, Haza Nuzly Abdull},
	journal={IEEE/ACM transactions on computational biology and bioinformatics},
	volume={13},
	number={5},
	pages={971--989},
	year={2015},
	publisher={IEEE}
}
@article{saeys2007review,
	title={A review of feature selection techniques in bioinformatics},
	author={Saeys, Yvan and Inza, I{\~n}aki and Larra{\~n}aga, Pedro},
	journal={bioinformatics},
	volume={23},
	number={19},
	pages={2507--2517},
	year={2007},
	publisher={Oxford University Press}
}
@inproceedings{masaeli2010convex,
	title={Convex principal feature selection},
	author={Masaeli, Mahdokht and Yan, Yan and Cui, Ying and Fung, Glenn and Dy, Jennifer G},
	booktitle={Proceedings of the 2010 SIAM International Conference on Data Mining},
	pages={619--628},
	year={2010},
	organization={SIAM}
}
@inproceedings{farahat2011efficient,
	title={An efficient greedy method for unsupervised feature selection},
	author={Farahat, Ahmed K and Ghodsi, Ali and Kamel, Mohamed S},
	booktitle={2011 IEEE 11th International Conference on Data Mining},
	pages={161--170},
	year={2011},
	organization={IEEE}
}
@inproceedings{adamczyk2014parallel,
	title={Parallel feature selection algorithm based on rough sets and particle swarm optimization},
	author={Adamczyk, Mateusz},
	booktitle={2014 Federated Conference on Computer Science and Information Systems},
	pages={43--50},
	year={2014},
	organization={IEEE}
}
@inproceedings{oliinyk2018feature,
	title={Feature selection based on parallel stochastic computing},
	author={Oliinyk, Andrii and Subbotin, Sergey and Lovkin, Valerii and Leoshchenko, Serhii and Zaiko, Tetiana},
	booktitle={2018 IEEE 13th International Scientific and Technical Conference on Computer Sciences and Information Technologies (CSIT)},
	volume={1},
	pages={347--351},
	year={2018},
	organization={IEEE}
}
@article{lopez2006solving,
	title={Solving feature subset selection problem by a parallel scatter search},
	author={L{\'o}pez, F{\'e}lix Garc{\i}a and Torres, Miguel Garc{\i}a and Batista, Bel{\'e}n Meli{\'a}n and P{\'e}rez, Jos{\'e} A Moreno and Moreno-Vega, J Marcos},
	journal={European Journal of Operational Research},
	volume={169},
	number={2},
	pages={477--489},
	year={2006},
	publisher={Elsevier}
}
@article{raza2018parallel,
	title={A parallel rough set based dependency calculation method for efficient feature selection},
	author={Raza, Muhammad Summair and Qamar, Usman},
	journal={Applied Soft Computing},
	volume={71},
	pages={1020--1034},
	year={2018},
	publisher={Elsevier}
}
@inproceedings{he2014parallel,
	title={Parallel feature selection using positive approximation based on mapreduce},
	author={He, Qing and Cheng, Xiaohu and Zhuang, Fuzhen and Shi, Zhongzhi},
	booktitle={2014 11th International Conference on Fuzzy Systems and Knowledge Discovery (FSKD)},
	pages={397--402},
	year={2014},
	organization={IEEE}
}
@inproceedings{bolon2014toward,
	title={Toward parallel feature selection from vertically partitioned data.},
	author={Bol{\'o}n-Canedo, Ver{\'o}nica and S{\'a}nchez-Marono, Noelia and Cervino-Rabunal, Joana},
	booktitle={ESANN},
	year={2014}
}
@article{li2009research,
	title={Research of multi-population agent genetic algorithm for feature selection},
	author={Li, Yongming and Zhang, Sujuan and Zeng, Xiaoping},
	journal={Expert Systems with Applications},
	volume={36},
	number={9},
	pages={11570--11581},
	year={2009},
	publisher={Elsevier}
}
@incollection{sun2014parallel,
	title={Parallel feature selection based on MapReduce},
	author={Sun, Zhanquan},
	booktitle={Computer engineering and networking},
	pages={299--306},
	year={2014},
	publisher={Springer}
}
@article{soufan2015dwfs,
	title={DWFS: a wrapper feature selection tool based on a parallel genetic algorithm},
	author={Soufan, Othman and Kleftogiannis, Dimitrios and Kalnis, Panos and Bajic, Vladimir B},
	journal={PloS one},
	volume={10},
	number={2},
	pages={e0117988},
	year={2015},
	publisher={Public Library of Science}
}
@inproceedings{garcia2006parallel,
	title={A parallel feature selection algorithm from random subsets},
	author={Garcia, Daniel J and Hall, Lawrence O and Goldgof, Dmitry B and Kramer, Kurt},
	booktitle={Proceedings of the international workshop on parallel data mining},
	volume={18},
	pages={64--75},
	year={2006},
	organization={Citeseer}
}
@inproceedings{zhou2014parallel,
	title={Parallel feature selection inspired by group testing},
	author={Zhou, Yingbo and Porwal, Utkarsh and Zhang, Ce and Ngo, Hung Q and Nguyen, XuanLong and R{\'e}, Christopher and Govindaraju, Venu},
	booktitle={Advances in neural information processing systems},
	pages={3554--3562},
	year={2014}
}
@article{tibshirani2003class,
	title={Class prediction by nearest shrunken centroids, with applications to DNA microarrays},
	author={Tibshirani, Robert and Hastie, Trevor and Narasimhan, Balasubramanian and Chu, Gilbert},
	journal={Statistical Science},
	pages={104--117},
	year={2003},
	publisher={JSTOR}
}
@article{narendra1977branch,
	title={A branch and bound algorithm for feature subset selection},
	author={Narendra, Patrenahalli M. and Fukunaga, Keinosuke},
	journal={IEEE Transactions on computers},
	number={9},
	pages={917--922},
	year={1977},
	publisher={IEEE}
}
@article{guyon2003introduction,
	title={An introduction to variable and feature selection},
	author={Guyon, Isabelle and Elisseeff, Andr{\'e}},
	journal={Journal of machine learning research},
	volume={3},
	number={Mar},
	pages={1157--1182},
	year={2003}
}
@inproceedings{shishkin2016efficient,
	title={Efficient high-order interaction-aware feature selection based on conditional mutual information},
	author={Shishkin, Alexander and Bezzubtseva, Anastasia and Drutsa, Alexey and Shishkov, Ilia and Gladkikh, Ekaterina and Gusev, Gleb and Serdyukov, Pavel},
	booktitle={Advances in neural information processing systems},
	pages={4637--4645},
	year={2016}
}
@inproceedings{nguyen2014effective,
	title={Effective global approaches for mutual information based feature selection},
	author={Nguyen, Xuan Vinh and Chan, Jeffrey and Romano, Simone and Bailey, James},
	booktitle={Proceedings of the 20th ACM SIGKDD international conference on Knowledge discovery and data mining},
	pages={512--521},
	year={2014}
}
@inproceedings{kira1992feature,
	title={The feature selection problem: Traditional methods and a new algorithm},
	author={Kira, Kenji and Rendell, Larry A and others},
	booktitle={Aaai},
	volume={2},
	pages={129--134},
	year={1992}
}
@inproceedings{liul1998monotonic,
	title={A monotonic measure for optimal feature selection},
	author={Liul, Huan and Motoda, Hiroshi and Dash, Manoranjan},
	booktitle={European conference on machine learning},
	pages={101--106},
	year={1998},
	organization={Springer}
}
@inproceedings{almuallim1991learning,
	title={Learning With Many Irrelevant Features.},
	author={Almuallim, Hussein and Dietterich, Thomas G},
	booktitle={AAAI},
	volume={91},
	pages={547--552},
	year={1991},
	organization={Citeseer}
}
@book{bolon2015feature,
	title={Feature selection for high-dimensional data},
	author={Bol{\'o}n-Canedo, Ver{\'o}nica and S{\'a}nchez-Maro{\~n}o, Noelia and Alonso-Betanzos, Amparo},
	year={2015},
	publisher={Springer}
}
@book{kutner2005applied,
	title={Applied linear statistical models},
	author={Kutner, Michael H and Nachtsheim, Christopher J and Neter, John and Li, William and others},
	volume={5},
	year={2005},
	publisher={McGraw-Hill Irwin New York}
}
@article{borboudakis2019forward,
	title={Forward-backward selection with early dropping},
	author={Borboudakis, Giorgos and Tsamardinos, Ioannis},
	journal={The Journal of Machine Learning Research},
	volume={20},
	number={1},
	pages={276--314},
	year={2019},
	publisher={JMLR. org}
}
@article{friedman2010note,
	title={A note on the group lasso and a sparse group lasso},
	author={Friedman, Jerome and Hastie, Trevor and Tibshirani, Robert},
	journal={arXiv preprint arXiv:1001.0736},
	year={2010}
}


@article{couvreur2000optimality,
	title={On the optimality of the backward greedy algorithm for the subset selection problem},
	author={Couvreur, Christophe and Bresler, Yoram},
	journal={SIAM Journal on Matrix Analysis and Applications},
	volume={21},
	number={3},
	pages={797--808},
	year={2000},
	publisher={SIAM}
}



@article{mao2004orthogonal,
	title={Orthogonal forward selection and backward elimination algorithms for feature subset selection},
	author={Mao, Kezhi Z},
	journal={IEEE Transactions on Systems, Man, and Cybernetics, Part B (Cybernetics)},
	volume={34},
	number={1},
	pages={629--634},
	year={2004},
	publisher={IEEE}
}
@article{goldberg1988genetic,
	title={Genetic algorithms and machine learning},
	author={Goldberg, David E and Holland, John Henry},
	year={1988},
	publisher={Kluwer Academic Publishers-Plenum Publishers; Kluwer Academic Publishers~…}
}
@article{bennasar2015feature,
	title={Feature selection using joint mutual information maximisation},
	author={Bennasar, Mohamed and Hicks, Yulia and Setchi, Rossitza},
	journal={Expert Systems with Applications},
	volume={42},
	number={22},
	pages={8520--8532},
	year={2015},
	publisher={Elsevier}
}
@article{scikit-learn,
	title={Scikit-learn: Machine Learning in {P}ython},
	author={Pedregosa, F. and Varoquaux, G. and Gramfort, A. and Michel, V.
		and Thirion, B. and Grisel, O. and Blondel, M. and Prettenhofer, P.
		and Weiss, R. and Dubourg, V. and Vanderplas, J. and Passos, A. and
		Cournapeau, D. and Brucher, M. and Perrot, M. and Duchesnay, E.},
	journal={Journal of Machine Learning Research},
	volume={12},
	pages={2825--2830},
	year={2011}
}
@misc{Dua:2019 ,
	author = "Dua, Dheeru and Graff, Casey",
	year = "2017",
	title = "{UCI} Machine Learning Repository",
	url = "http://archive.ics.uci.edu/ml",
	institution = "University of California, Irvine, School of Information and Computer Sciences" }
@inproceedings{arai2016unsupervised,
	title={Unsupervised feature selection by heuristic search with provable bounds on suboptimality},
	author={Arai, Hiromasa and Maung, Crystal and Xu, Ke and Schweitzer, Haim},
	booktitle={Proceedings of the AAAI Conference on Artificial Intelligence},
	volume={30},
	number={1},
	year={2016}
}
@book{liu2012feature,
	title={Feature selection for knowledge discovery and data mining},
	author={Liu, Huan and Motoda, Hiroshi},
	volume={454},
	year={2012},
	publisher={Springer Science \& Business Media}
}

@article{zhang2011adaptive,
	title={Adaptive forward-backward greedy algorithm for learning sparse representations},
	author={Zhang, Tong},
	journal={IEEE transactions on information theory},
	volume={57},
	number={7},
	pages={4689--4708},
	year={2011},
	publisher={IEEE}
}
@article{kumar2014feature,
	title={Feature selection: a literature review},
	author={Kumar, Vipin and Minz, Sonajharia},
	journal={SmartCR},
	volume={4},
	number={3},
	pages={211--229},
	year={2014}
}

@article{tibshirani1996regression,
	title={Regression shrinkage and selection via the lasso},
	author={Tibshirani, Robert},
	journal={Journal of the Royal Statistical Society: Series B (Methodological)},
	volume={58},
	number={1},
	pages={267--288},
	year={1996},
	publisher={Wiley Online Library}
}

@article{yuan2006model,
	title={Model selection and estimation in regression with grouped variables},
	author={Yuan, Ming and Lin, Yi},
	journal={Journal of the Royal Statistical Society: Series B (Statistical Methodology)},
	volume={68},
	number={1},
	pages={49--67},
	year={2006},
	publisher={Wiley Online Library}
}

@article{ye2012sparse,
	title={Sparse methods for biomedical data},
	author={Ye, Jieping and Liu, Jun},
	journal={ACM Sigkdd Explorations Newsletter},
	volume={14},
	number={1},
	pages={4--15},
	year={2012},
	publisher={ACM}
}


@article{barron2008approximation,
	title={Approximation and learning by greedy algorithms},
	author={Barron, Andrew R and Cohen, Albert and Dahmen, Wolfgang and DeVore, Ronald A and others},
	journal={The annals of statistics},
	volume={36},
	number={1},
	pages={64--94},
	year={2008},
	publisher={Institute of Mathematical Statistics}
}

@book{fukunaga2013introduction,
	title={Introduction to statistical pattern recognition},
	author={Fukunaga, Keinosuke},
	year={2013},
	publisher={Elsevier}
}
@book{johnson2002applied,
	title={Applied multivariate statistical analysis},
	author={Johnson, Richard Arnold and Wichern, Dean W and others},
	volume={5},
	number={8},
	year={2002},
	publisher={Prentice hall Upper Saddle River, NJ}
}


@inproceedings{swirszcz2009grouped,
	title={Grouped orthogonal matching pursuit for variable selection and prediction},
	author={Swirszcz, Grzegorz and Abe, Naoki and Lozano, Aurelie C},
	booktitle={Advances in Neural Information Processing Systems},
	pages={1150--1158},
	year={2009}
}

@article{tropp2004greed,
	title={Greed is good: Algorithmic results for sparse approximation},
	author={Tropp, Joel A},
	journal={IEEE Transactions on Information theory},
	volume={50},
	number={10},
	pages={2231--2242},
	year={2004}
}

@article{donoho2005stable,
	title={Stable recovery of sparse overcomplete representations in the presence of noise},
	author={Donoho, David L and Elad, Michael and Temlyakov, Vladimir N},
	journal={IEEE Transactions on information theory},
	volume={52},
	number={1},
	pages={6--18},
	year={2005},
	publisher={IEEE}
}
@article{bradley2011parallel,
	title={Parallel coordinate descent for l1-regularized loss minimization},
	author={Bradley, Joseph K and Kyrola, Aapo and Bickson, Danny and Guestrin, Carlos},
	journal={arXiv preprint arXiv:1105.5379},
	year={2011}
}
@inproceedings{singh2009parallel,
	title={Parallel large scale feature selection for logistic regression},
	author={Singh, Sameer and Kubica, Jeremy and Larsen, Scott and Sorokina, Daria},
	booktitle={Proceedings of the 2009 SIAM international conference on data mining},
	pages={1172--1183},
	year={2009},
	organization={SIAM}
}
@inproceedings{kent2011sas,
	title={SAS high performance computing: the future is not what it used to be},
	author={Kent, Paul and Schabenberger, Oliver},
	booktitle={SAS Global Forum},
	year={2011}
}
@inproceedings{guillen2009efficient,
	title={Efficient parallel feature selection for steganography problems},
	author={Guill{\'e}n, Alberto and Sorjamaa, Antti and Miche, Yoan and Lendasse, Amaury and Rojas, Ignacio},
	booktitle={International Work-Conference on Artificial Neural Networks},
	pages={1224--1231},
	year={2009},
	organization={Springer}
}

@article{de2006parallelizing,
	title={Parallelizing feature selection},
	author={de Souza, Jerffeson Teixeira and Matwin, Stan and Japkowicz, Nathalie},
	journal={Algorithmica},
	volume={45},
	number={3},
	pages={433--456},
	year={2006},
	publisher={Springer}
}
@article{melab2006grid,
	title={Grid computing for parallel bioinspired algorithms},
	author={Melab, Nouredine and Cahon, S{\'e}bastien and Talbi, El-Ghazali},
	journal={Journal of parallel and Distributed Computing},
	volume={66},
	number={8},
	pages={1052--1061},
	year={2006},
	publisher={Elsevier}
}

@article{tsamardinos2019greedy,
	title={A greedy feature selection algorithm for Big Data of high dimensionality},
	author={Tsamardinos, Ioannis and Borboudakis, Giorgos and Katsogridakis, Pavlos and Pratikakis, Polyvios and Christophides, Vassilis},
	journal={Machine learning},
	volume={108},
	number={2},
	pages={149--202},
	year={2019},
	publisher={Springer}
}

@article{zhao2013massively,
	title={Massively parallel feature selection: an approach based on variance preservation},
	author={Zhao, Zheng and Zhang, Ruiwen and Cox, James and Duling, David and Sarle, Warren},
	journal={Machine learning},
	volume={92},
	number={1},
	pages={195--220},
	year={2013},
	publisher={Springer}
}
@article{sinaga2021entropy,
	title={Entropy K-means clustering with feature reduction under unknown number of clusters},
	author={Sinaga, Kristina P and Hussain, Ishtiaq and Yang, Miin-Shen},
	journal={IEEE Access},
	volume={9},
	pages={67736--67751},
	year={2021},
	publisher={IEEE}
}
@article{yang2019feature,
	title={A feature-reduction multi-view k-means clustering algorithm},
	author={Yang, Miin-Shen and Sinaga, Kristina P},
	journal={IEEE Access},
	volume={7},
	pages={114472--114486},
	year={2019},
	publisher={IEEE}
}
@article{nguyen2019faster,
	title={Faster feature selection with a Dropping Forward-Backward algorithm},
	author={Nguyen, Thu},
	journal={arXiv preprint arXiv:1910.08007},
	year={2019}
}
@inproceedings{ni2019justifying,
	title={Justifying recommendations using distantly-labeled reviews and fine-grained aspects},
	author={Ni, Jianmo and Li, Jiacheng and McAuley, Julian},
	booktitle={Proceedings of the 2019 Conference on Empirical Methods in Natural Language Processing and the 9th International Joint Conference on Natural Language Processing (EMNLP-IJCNLP)},
	pages={188--197},
	year={2019}
}

@article{guyon2007competitive,
	title={Competitive baseline methods set new standards for the NIPS 2003 feature selection benchmark},
	author={Guyon, Isabelle and Li, Jiwen and Mader, Theodor and Pletscher, Patrick A and Schneider, Georg and Uhr, Markus},
	journal={Pattern recognition letters},
	volume={28},
	number={12},
	pages={1438--1444},
	year={2007},
	publisher={Elsevier}
}